<record><leader>00000cas a2200000 a 4500</leader><controlfield tag="001">37020509</controlfield><controlfield tag="006">m     o  d        </controlfield><controlfield tag="007">cr unu||||||||</controlfield><controlfield tag="008">970605c19959999miudr neo     0    0eng c</controlfield><datafield ind1=" " ind2=" " tag="010"><subfield code="a">sn 97063363 </subfield></datafield><datafield ind1=" " ind2=" " tag="040"><subfield code="a">MHN</subfield><subfield code="b">eng</subfield><subfield code="c">MHN</subfield><subfield code="d">OCL</subfield><subfield code="d">OCLCQ</subfield></datafield><datafield ind1=" " ind2=" " tag="019"><subfield code="a">44233001</subfield><subfield code="a">44314052</subfield></datafield><datafield ind1=" " ind2=" " tag="042"><subfield code="a">pcc</subfield></datafield><datafield ind1="0" ind2=" " tag="130"><subfield code="a">Detroit journal (Detroit, Mich. : Online)</subfield></datafield><datafield ind1="1" ind2="4" tag="245"><subfield code="a">The Detroit journal.</subfield></datafield><datafield ind1=" " ind2=" " tag="260"><subfield code="a">Detroit, Mich. :</subfield><subfield code="b">Published by the striking journalists of the Detroit News and the Detroit Free Press</subfield></datafield><datafield ind1=" " ind2=" " tag="310"><subfield code="a">Daily</subfield></datafield><datafield ind1=" " ind2=" " tag="336"><subfield code="a">text</subfield><subfield code="b">txt</subfield><subfield code="2">rdacontent</subfield></datafield><datafield ind1=" " ind2=" " tag="337"><subfield code="a">computer</subfield><subfield code="b">c</subfield><subfield code="2">rdamedia</subfield></datafield><datafield ind1=" " ind2=" " tag="338"><subfield code="a">online resource</subfield><subfield code="b">cr</subfield><subfield code="2">rdacarrier</subfield></datafield><datafield ind1="0" ind2=" " tag="362"><subfield code="a">July 25, 1995-</subfield></datafield><datafield ind1=" " ind2=" " tag="530"><subfield code="a">Contains some of the issues from the weekly print version: Detroit Sunday journal.</subfield></datafield><datafield ind1=" " ind2=" " tag="538"><subfield code="a">Mode of access: World Wide Web.</subfield></datafield><datafield ind1=" " ind2=" " tag="588"><subfield code="a">Description based on hypertext version as viewed over the World Wide Web; title from home page.</subfield></datafield><datafield ind1="1" ind2=" " tag="775"><subfield code="t">Detroit Sunday journal</subfield><subfield code="w">(DLC)sn 96076527</subfield><subfield code="w">(OCoLC)34137915</subfield></datafield><datafield ind1="4" ind2=" " tag="856"><subfield code="u">http://www.rust.net/%7Eworkers/strike.html</subfield></datafield><datafield ind1="1" ind2=" " tag="029"><subfield code="a">AU@</subfield><subfield code="b">000013283104</subfield></datafield></record>